<record><leader>00000cas a2200000 a 4500</leader><controlfield tag="001">8796489</controlfield><controlfield tag="008">820922d19821982vtumr ne      0   a0eng d</controlfield><datafield ind1=" " ind2=" " tag="010"><subfield code="a">sn 00064168 </subfield></datafield><datafield ind1=" " ind2=" " tag="040"><subfield code="a">VTU</subfield><subfield code="c">VTU</subfield><subfield code="d">NVN</subfield></datafield><datafield ind1=" " ind2=" " tag="043"><subfield code="a">n-us-vt</subfield><subfield code="a">n-us-ny</subfield><subfield code="a">n-cn-qu</subfield></datafield><datafield ind1=" " ind2=" " tag="090"><subfield code="a">GV776.V5</subfield><subfield code="b">L35</subfield></datafield><datafield ind1="0" ind2="0" tag="245"><subfield code="a">Lake Champlain waterways newsmagazine.</subfield></datafield><datafield ind1="1" ind2="3" tag="246"><subfield code="a">Waterways newsmagazine</subfield></datafield><datafield ind1=" " ind2=" " tag="260"><subfield code="a">Winooski, Vt. :</subfield><subfield code="b">Steven Howard,</subfield></datafield><datafield ind1=" " ind2=" " tag="265"><subfield code="a">10 West Canal St, Winooski, Vt. 05404</subfield></datafield><datafield ind1=" " ind2=" " tag="300"><subfield code="a">v. :</subfield><subfield code="b">ill. ;</subfield><subfield code="c">43 cm.</subfield></datafield><datafield ind1=" " ind2=" " tag="310"><subfield code="a">Monthly (Apr. through Oct.)</subfield></datafield><datafield ind1="1" ind2=" " tag="362"><subfield code="a">Began with May 1982; ceased in 1982?</subfield></datafield><datafield ind1=" " ind2=" " tag="500"><subfield code="a">"Covering water sports on Lake Champlain...".</subfield></datafield><datafield ind1=" " ind2="0" tag="650"><subfield code="a">Boats and boating</subfield><subfield code="z">Champlain, Lake.</subfield></datafield><datafield ind1=" " ind2="0" tag="651"><subfield code="a">Champlain, Lake</subfield><subfield code="x">Description and travel.</subfield></datafield><datafield ind1=" " ind2="0" tag="650"><subfield code="a">Aquatic sports</subfield><subfield code="z">Vermont</subfield><subfield code="v">Newspapers.</subfield></datafield><datafield ind1=" " ind2="0" tag="650"><subfield code="a">Aquatic sports</subfield><subfield code="z">New York</subfield><subfield code="v">Newspapers.</subfield></datafield><datafield ind1=" " ind2="0" tag="650"><subfield code="a">Aquatic sports</subfield><subfield code="z">Que&#769;bec (Province)</subfield><subfield code="v">Newspapers.</subfield></datafield><datafield ind1=" " ind2="0" tag="651"><subfield code="a">Vermont</subfield><subfield code="v">Newspapers.</subfield></datafield><datafield ind1=" " ind2=" " tag="752"><subfield code="a">United States</subfield><subfield code="b">Vermont</subfield><subfield code="c">Chittenden</subfield><subfield code="d">Winooski.</subfield></datafield><datafield ind1=" " ind2=" " tag="994"><subfield code="a">11</subfield><subfield code="b">OCL</subfield><subfield code="i">00107</subfield></datafield></record>